@article{Tai09kasittr,
    AUTHOR = {Y.W. Tai and P.Tan and M.S. Brown},
    TITLE = {Richardson-Lucy Deblurring for Scenes under A Projective Motion Path},
    JOURNAL = {IEEE Transactions on Pattern Analysis and Machine Intelligence},
    YEAR = {Accepted},
}

@inproceedings{Tai10cvpr_codeddeblur,
    author = {Yu-Wing Tai and Naejin Kong and Stephen Lin and Sung Yong Shin},
    title = {Coded Exposure Imaging for Projective Motion Deblurring},
    booktitle = {CVPR},
    year = {2010},
}http://yuwing.kaist.ac.kr/projects/projectivedeblur/index.htm
